@book{LUNDY20151057,
  title={Musings: the musical worlds of Gunther Schuller},
  author={Schuller, Gunther},
  year={1989},
  publisher={Oxford University Press}
}